<?xml version="1.0" encoding="UTF-8"?>
  <record xmlns="http://www.loc.gov/MARC21/slim" type="Authority">
    <leader>00000nz  a2200000nc 4500</leader>
    <controlfield tag="001">119493101</controlfield>
    <controlfield tag="003">DE-101</controlfield>
    <controlfield tag="005">20220310174220.0</controlfield>
    <controlfield tag="008">970829n||azznnaabn           | aaa    |c</controlfield>
    <datafield tag="024" ind1="7" ind2=" ">
      <subfield code="a">119493101</subfield>
      <subfield code="0">http://d-nb.info/gnd/119493101</subfield>
      <subfield code="2">gnd</subfield>
    </datafield>
    <datafield tag="035" ind1=" " ind2=" ">
      <subfield code="a">(DE-101)119493101</subfield>
    </datafield>
    <datafield tag="035" ind1=" " ind2=" ">
      <subfield code="a">(DE-588)119493101</subfield>
    </datafield>
    <datafield tag="035" ind1=" " ind2=" ">
      <subfield code="z">(DE-588)1089886470</subfield>
    </datafield>
    <datafield tag="035" ind1=" " ind2=" ">
      <subfield code="z">(DE-588)1089715838</subfield>
    </datafield>
    <datafield tag="035" ind1=" " ind2=" ">
      <subfield code="z">(DE-588)1089159528</subfield>
    </datafield>
    <datafield tag="035" ind1=" " ind2=" ">
      <subfield code="z">(DE-588)187137846</subfield>
    </datafield>
    <datafield tag="035" ind1=" " ind2=" ">
      <subfield code="z">(DE-588a)187137846</subfield>
      <subfield code="9">v:zg</subfield>
    </datafield>
    <datafield tag="035" ind1=" " ind2=" ">
      <subfield code="z">(DE-588a)119493101</subfield>
      <subfield code="9">v:zg</subfield>
    </datafield>
    <datafield tag="035" ind1=" " ind2=" ">
      <subfield code="z">(DE-588c)4468189-6</subfield>
      <subfield code="9">v:zg</subfield>
    </datafield>
    <datafield tag="040" ind1=" " ind2=" ">
      <subfield code="a">DE-101</subfield>
      <subfield code="c">DE-101</subfield>
      <subfield code="9">r:DE-101</subfield>
      <subfield code="b">ger</subfield>
      <subfield code="d">9999</subfield>
    </datafield>
    <datafield tag="042" ind1=" " ind2=" ">
      <subfield code="a">gnd1</subfield>
    </datafield>
    <datafield tag="043" ind1=" " ind2=" ">
      <subfield code="c">XB-SY</subfield>
    </datafield>
    <datafield tag="065" ind1=" " ind2=" ">
      <subfield code="a">3.6p</subfield>
      <subfield code="2">sswd</subfield>
    </datafield>
    <datafield tag="075" ind1=" " ind2=" ">
      <subfield code="b">p</subfield>
      <subfield code="2">gndgen</subfield>
    </datafield>
    <datafield tag="075" ind1=" " ind2=" ">
      <subfield code="b">piz</subfield>
      <subfield code="2">gndspec</subfield>
    </datafield>
    <datafield tag="079" ind1=" " ind2=" ">
      <subfield code="a">g</subfield>
      <subfield code="q">f</subfield>
      <subfield code="q">p</subfield>
      <subfield code="q">s</subfield>
    </datafield>
    <datafield tag="100" ind1="0" ind2=" ">
      <subfield code="a">Eusebius</subfield>
      <subfield code="c">Emesenus</subfield>
      <subfield code="d">ca. 295/300-ca. 359/360</subfield>
    </datafield>
    <datafield tag="377" ind1=" " ind2="7">
      <subfield code="a">grc</subfield>
      <subfield code="a">syr</subfield>
      <subfield code="2">iso639-2b</subfield>
    </datafield>
    <datafield tag="400" ind1="0" ind2=" ">
      <subfield code="a">Eusebius</subfield>
      <subfield code="c">von Emesa</subfield>
      <subfield code="d">ca. 295/300-ca. 359/360</subfield>
    </datafield>
    <datafield tag="400" ind1="0" ind2=" ">
      <subfield code="a">Eusebius</subfield>
      <subfield code="c">de Emesa</subfield>
      <subfield code="d">ca. 295/300-ca. 359/360</subfield>
    </datafield>
    <datafield tag="400" ind1="0" ind2=" ">
      <subfield code="a">Eusebius</subfield>
      <subfield code="c">Emissonus</subfield>
      <subfield code="d">ca. 295/300-ca. 359/360</subfield>
    </datafield>
    <datafield tag="400" ind1="0" ind2=" ">
      <subfield code="a">Eusebius</subfield>
      <subfield code="c">Emissenus</subfield>
      <subfield code="d">ca. 295/300-ca. 359/360</subfield>
    </datafield>
    <datafield tag="400" ind1="0" ind2=" ">
      <subfield code="a">Eusebius</subfield>
      <subfield code="c">Scriptor Ecclesiasticus</subfield>
      <subfield code="d">ca. 295/300-ca. 359/360</subfield>
    </datafield>
    <datafield tag="400" ind1="0" ind2=" ">
      <subfield code="a">Eusèbe</subfield>
      <subfield code="c">d'Émèse</subfield>
      <subfield code="d">ca. 295/300-ca. 359/360</subfield>
    </datafield>
    <datafield tag="400" ind1="0" ind2=" ">
      <subfield code="a">Eusebios</subfield>
      <subfield code="c">Bischof</subfield>
      <subfield code="d">ca. 295/300-ca. 359/360</subfield>
    </datafield>
    <datafield tag="400" ind1="0" ind2=" ">
      <subfield code="a">Ewsebios</subfield>
      <subfield code="c">Emesac̕i</subfield>
      <subfield code="d">ca. 295/300-ca. 359/360</subfield>
    </datafield>
    <datafield tag="400" ind1="0" ind2=" ">
      <subfield code="a">Eusebius</subfield>
      <subfield code="c">Episcopus</subfield>
      <subfield code="d">ca. 295/300-ca. 359/360</subfield>
    </datafield>
    <datafield tag="400" ind1="0" ind2=" ">
      <subfield code="a">Eusebios</subfield>
      <subfield code="c">von Emesa</subfield>
      <subfield code="d">ca. 295/300-ca. 359/360</subfield>
      <subfield code="9">v:R:RAK-ÖB</subfield>
    </datafield>
    <datafield tag="400" ind1="0" ind2=" ">
      <subfield code="9">U:Armn</subfield>
      <subfield code="a">Եւսեբիոս</subfield>
      <subfield code="c">Եմեսացի</subfield>
      <subfield code="d">ca. 295/300-ca. 359/360</subfield>
    </datafield>
    <datafield tag="548" ind1=" " ind2=" ">
      <subfield code="a">ca. 295/300-ca. 359/360</subfield>
      <subfield code="4">datl</subfield>
      <subfield code="4">https://d-nb.info/standards/elementset/gnd#associatedDate</subfield>
      <subfield code="w">r</subfield>
      <subfield code="i">Lebensdaten</subfield>
    </datafield>
    <datafield tag="548" ind1=" " ind2=" ">
      <subfield code="a">03-</subfield>
      <subfield code="4">datu</subfield>
      <subfield code="4">https://d-nb.info/standards/elementset/gnd#udkCode</subfield>
      <subfield code="w">r</subfield>
      <subfield code="i">UDK</subfield>
    </datafield>
    <datafield tag="550" ind1=" " ind2=" ">
      <subfield code="0">(DE-101)040069494</subfield>
      <subfield code="0">(DE-588)4006949-7</subfield>
      <subfield code="0">https://d-nb.info/gnd/4006949-7</subfield>
      <subfield code="a">Bischof</subfield>
      <subfield code="4">berc</subfield>
      <subfield code="4">https://d-nb.info/standards/elementset/gnd#professionOrOccupation</subfield>
      <subfield code="w">r</subfield>
      <subfield code="i">Charakteristischer Beruf</subfield>
    </datafield>
    <datafield tag="550" ind1=" " ind2=" ">
      <subfield code="0">(DE-101)040307522</subfield>
      <subfield code="0">(DE-588)4030752-9</subfield>
      <subfield code="0">https://d-nb.info/gnd/4030752-9</subfield>
      <subfield code="a">Kirchenschriftsteller</subfield>
      <subfield code="4">beru</subfield>
      <subfield code="4">https://d-nb.info/standards/elementset/gnd#professionOrOccupation</subfield>
      <subfield code="w">r</subfield>
      <subfield code="i">Beruf</subfield>
    </datafield>
    <datafield tag="551" ind1=" " ind2=" ">
      <subfield code="0">(DE-101)040855309</subfield>
      <subfield code="0">(DE-588)4085530-2</subfield>
      <subfield code="0">https://d-nb.info/gnd/4085530-2</subfield>
      <subfield code="a">Edessa</subfield>
      <subfield code="4">ortg</subfield>
      <subfield code="4">https://d-nb.info/standards/elementset/gnd#placeOfBirth</subfield>
      <subfield code="w">r</subfield>
      <subfield code="i">Geburtsort</subfield>
    </datafield>
    <datafield tag="551" ind1=" " ind2=" ">
      <subfield code="0">(DE-101)041125444</subfield>
      <subfield code="0">(DE-588)4112544-7</subfield>
      <subfield code="0">https://d-nb.info/gnd/4112544-7</subfield>
      <subfield code="a">Antiochia</subfield>
      <subfield code="g">Orontes</subfield>
      <subfield code="4">orts</subfield>
      <subfield code="4">https://d-nb.info/standards/elementset/gnd#placeOfDeath</subfield>
      <subfield code="w">r</subfield>
      <subfield code="i">Sterbeort</subfield>
    </datafield>
    <datafield tag="667" ind1=" " ind2=" ">
      <subfield code="a">12</subfield>
    </datafield>
    <datafield tag="667" ind1=" " ind2=" ">
      <subfield code="a">12-PAN</subfield>
    </datafield>
    <datafield tag="667" ind1=" " ind2=" ">
      <subfield code="a">VD-17</subfield>
    </datafield>
    <datafield tag="667" ind1=" " ind2=" ">
      <subfield code="a">TITAN</subfield>
    </datafield>
    <datafield tag="670" ind1=" " ind2=" ">
      <subfield code="a">PAN</subfield>
    </datafield>
    <datafield tag="672" ind1=" " ind2="0">
      <subfield code="a">Quae supersunt Opuscula graecae</subfield>
      <subfield code="f">1829</subfield>
    </datafield>
    <datafield tag="672" ind1=" " ind2="0">
      <subfield code="a">Homiliae in evangelia</subfield>
      <subfield code="f">1554</subfield>
    </datafield>
    <datafield tag="672" ind1=" " ind2="0">
      <subfield code="a">Homiliae in evangelia</subfield>
      <subfield code="f">1555</subfield>
    </datafield>
    <datafield tag="672" ind1=" " ind2="0">
      <subfield code="a">Homiliae in evangelia</subfield>
      <subfield code="f">1558</subfield>
    </datafield>
    <datafield tag="672" ind1=" " ind2="0">
      <subfield code="a">Homeliae ad populum eloquentissimae et religiosissimae</subfield>
      <subfield code="f">1560</subfield>
    </datafield>
    <datafield tag="672" ind1=" " ind2="0">
      <subfield code="a">Homeliae eloquentissimae et religiosissimae</subfield>
      <subfield code="f">1590</subfield>
    </datafield>
    <datafield tag="672" ind1=" " ind2="0">
      <subfield code="a">Opera</subfield>
      <subfield code="f">1575</subfield>
    </datafield>
    <datafield tag="672" ind1=" " ind2="0">
      <subfield code="a">Oratio in sacrum Parasceves diem</subfield>
      <subfield code="f">1820</subfield>
    </datafield>
    <datafield tag="672" ind1=" " ind2="0">
      <subfield code="a">Eusebii Emeseni Oratio in sacrum Parasceves diem</subfield>
      <subfield code="f">1820</subfield>
    </datafield>
    <datafield tag="672" ind1=" " ind2="0">
      <subfield code="a">Meknowt̕iwnk̕ owt̕amatean groc̕ astowacašnč̕in</subfield>
    </datafield>
    <datafield tag="678" ind1=" " ind2=" ">
      <subfield code="b">Syr. Kirchenschriftsteller, Bischof von Emesa</subfield>
    </datafield>
    <datafield tag="913" ind1=" " ind2=" ">
      <subfield code="S">pnd</subfield>
      <subfield code="i">5</subfield>
      <subfield code="a">Eusebius &lt;Emesenus&gt;</subfield>
      <subfield code="0">(DE-588a)119493101</subfield>
    </datafield>
    <datafield tag="913" ind1=" " ind2=" ">
      <subfield code="S">pnd</subfield>
      <subfield code="i">5</subfield>
      <subfield code="a">Eusebius &lt;Emesenus&gt;</subfield>
      <subfield code="0">(DE-588a)187137846</subfield>
    </datafield>
  </record>
